
@inproceedings{onwubiko2015cyber,
  title={Cyber security operations centre: Security monitoring for protecting business and supporting cyber defense strategy},
  author={Onwubiko, Cyril},
  booktitle={2015 International Conference on Cyber Situational Awareness, Data Analytics and Assessment (CyberSA)},
  pages={1--10},
  year={2015},
  organization={IEEE}
}
@article{mittal2019cyber,
  title={Cyber-all-intel: An AI for security related threat intelligence},
  author={Mittal, Sudip and Joshi, Anupam and Finin, Tim},
  journal={arXiv preprint arXiv:1905.02895},
  year={2019}
}


@misc{langford2012qualitative,
  title={Qualitative research methods, by Monique Hennink, Inge Hutter and Ajay Bailey},
  author={Langford, Rebecca},
  year={2012},
  publisher={Taylor \& Francis}
}
@article{abu2018cyber,
  title={Cyber threat intelligence--issue and challenges},
  author={Abu, Md Sahrom and Selamat, Siti Rahayu and Ariffin, Aswami and Yusof, Robiah},
  journal={Indonesian Journal of Electrical Engineering and Computer Science},
  volume={10},
  number={1},
  pages={371--379},
  year={2018}
}
@book{linstone1975delphi,
  title={The delphi method},
  author={Linstone, Harold A and Turoff, Murray and others},
  year={1975},
  publisher={Addison-Wesley Reading, MA}
}

@inproceedings{dandurand2013towards,
  title={Towards improved cyber security information sharing},
  author={Dandurand, Luc and Serrano, Oscar Serrano},
  booktitle={2013 5th International Conference on Cyber Conflict (CYCON 2013)},
  pages={1--16},
  year={2013},
  organization={IEEE}
}
@article{march1995design,
  title = {Design and natural science research on information technology},
  author = {March, Salvatore T and Smith, Gerald F},
  journal = {Decision support systems},
  volume = {15},
  number = {4},
  pages = {251--266},
  year = {1995},
  publisher = {North-Holland}
}

% Define some commands to keep the formatting separated from the content 
@misc{guldentops2009board,
  title = {Board Briefing on IT Governance, IT Governance Institute},
  author = {Guldentops, E and De Haes, S and Hardy, G and Ormsby, J and Singleton, J},
  year = {2009}
}
@inproceedings{liao2016acing,
  title = {Acing the ioc game: Toward automatic discovery and analysis of open-source cyber threat intelligence},
  author = {Liao, Xiaojing and Yuan, Kan and Wang, XiaoFeng and Li, Zhou and Xing, Luyi and Beyah, Raheem},
  booktitle = {Proceedings of the 2016 ACM SIGSAC Conference on Computer and Communications Security},
  pages = {755--766},
  year = {2016}
}
@inproceedings{arnott2010relevant,
  title = {How relevant is fieldwork to DSS design-science research?},
  author = {Arnott, David and Pervan, Graham},
  booktitle = {DSS},
  pages = {108--119},
  year = {2010}
}

@inproceedings{mavroeidis2017cyber,
  title = {Cyber threat intelligence model: An evaluation of taxonomies, sharing standards, and ontologies within cyber threat intelligence},
  author = {Mavroeidis, Vasileios and Bromander, Siri},
  booktitle = {2017 European Intelligence and Security Informatics Conference (EISIC)},
  pages = {91--98},
  year = {2017},
  organization = {IEEE}
}

@article{walters2015cyber,
  title     = {Cyber attacks on US companies 
               since November 2014},
  author    = {Walters, Riley},
  journal   = {The Heritage Foundation},
  volume    = {4487},
  year      = {2015},
  month     = {nov}
}


@article{chung2016internet,
  title = {The Internet Information and Technology Research Directions based on the Fourth Industrial Revolution.},
  author = {Chung, Mihyun and Kim, Jaehyoun},
  journal = {KSII Transactions on Internet \& Information Systems},
  volume = {10},
  number = {3},
  year = {2016}
}
 
@article{leszczyna2019threat,
  title = {Threat intelligence platform for the energy sector},
  author = {Leszczyna, Rafa{\l} and Wr{\'o}bel, Micha{\l} R},
  journal = {Software: Practice and Experience},
  volume = {49},
  number = {8},
  pages = {1225--1254},
  year = {2019},
  publisher = {Wiley Online Library}
}

@article{martini2014building,
  title = {Building the next generation of cyber security professionals},
  author = {Martini, Ben and Choo, Kim-Kwang Raymond},
  journal = {Martini B and Choo KK R},
  year = {2014}
}
@book{recker2012scientific,
  title={Scientific research in information systems: a beginner's guide},
  author={Recker, Jan},
  year={2012},
  publisher={Springer Science \& Business Media}
}
@article{bobbert2017exploring,
  title = {On Exploring Research Methods for Business Information Security Alignment and Artefact Engineering},
  author = {Bobbert, Yuri},
  journal = {International Journal of IT/Business Alignment and Governance (IJITBAG)},
  volume = {8},
  number = {2},
  pages = {28--41},
  year = {2017},
  publisher = {IGI Global}
}
@inproceedings{ghazi2018supervised,
  title = {A supervised machine learning based approach for automatically extracting high-level threat intelligence from unstructured sources},
  author = {Ghazi, Yumna and Anwar, Zahid and Mumtaz, Rafia and Saleem, Shahzad and Tahir, Ali},
  booktitle = {2018 International Conference on Frontiers of Information Technology (FIT)},
  pages = {129--134},
  year = {2018},
  organization = {IEEE}
}


@article{sector10itu,
 title = {ITU-Tx. 1205},
 author = {SECTOR, STANDARDIZATION and ITU, OF},
 journal = {Interfaces},
 volume = {10},
 number = {20-X},
 pages = {49},
 year = {2008},
 month = {04}
}

@article{mahmood2010moving,
 title={Moving toward black hat research in information systems security: an editorial introduction to the special issue},
 author={Mahmood, M Adam and Siponen, Mikko and Straub, Detmar and Rao, H Raghav and Raghu, TS},
 journal={MIS quarterly},
 volume={34},
 number={3},
 pages={431--433},
 year={2010},
 publisher={JSTOR}
}

@article{yeh2007threats,
 title={Threats and countermeasures for information system security: A cross-industry study},
 author={Yeh, Quey-Jen and Chang, Arthur Jung-Ting},
 journal={Information \& Management},
 volume={44},
 number={5},
 pages={480--491},
 year={2007},
 publisher={Elsevier}
}

@techreport{osorno2011coordinated,
 title={Coordinated cybersecurity incident handling: Roles, processes, and coordination networks for crosscutting incidents},
 author={Osorno, Marcos and Millar, Thomas and Rager, Danielle},
 year={2011},
 institution={JOHNS HOPKINS UNIV LAUREL MD APPLIED PHYSICS LAB}
}


@article{ring2014threat,
 title      = {Threat intelligence: why people don't share},
 author     = {Ring, Tim},
 journal    = {Computer Fraud \& Security},
 volume     = {2014},
 number     = {3},
 pages      = {5--9},
 year       = {2014},
 publisher  = {Elsevier}
}

@article{jouini2014classification,
 title      = {Classification of Security Threats in Information Systems.},
 author     = {Jouini, Mouna and 
               Rabai, Latifa Ben Arfa and 
              Aissa, Anis Ben},
 journal    = {ANT/SEIT},
 volume     = {32},
 pages      = {489--496},
 year       = {2014}
}

@article{chismon2015threat,
 title    = {Threat intelligence: Collecting, analysing, evaluating},
 author   = {Chismon, David and 
             Ruks, Martyn},
 journal  = {MWR InfoSecurity Ltd},
 year     = {2015}
}
@inproceedings{kucuk2020deceiving,
  title={Deceiving Portable Executable Malware Classifiers into Targeted Misclassification with Practical Adversarial Examples},
  author={Kucuk, Yunus and Yan, Guanhua},
  booktitle={Proceedings of the Tenth ACM Conference on Data and Application Security and Privacy},
  pages={341--352},
  year={2020}
}
@book{buzan2006mind,
  title={The mind map book},
  author={Buzan, Tony and Buzan, Barry},
  year={2006},
  publisher={Pearson Education}
}
@article{hyeisuncyber,
 title  = {CYBER THREAT ANALYSIS AND QUANTIFICATION BASED ON INDICATOR OF COMPROMISE},
 author = {Hyeisun Cho, KISA and 
           Seulgi Lee, KISA and 
           Nakhyun Kim, KISA and 
           Byung-ik Kim, KISA and 
           Jun-hyung Park, KISA},
 year = {2017},
 volume = {5},
 number = {7},
 month = {11},
 journal = {INTERNATIONAL JOURNAL OF INNOVATIVE RESEARCH IN TECHNOLOGY \& SCIENCE}
}

@inproceedings{brown2015cyber,
 title = {From cyber security information sharing to threat management},
 author = {Brown, Sarah and Gommers, Joep and Serrano, Oscar},
 booktitle = {Proceedings of the 2nd ACM workshop on information sharing and collaborative security},
 pages = {43--49},
 year = {2015}
}

@article{shahi2018tactics,
    title       = {Tactics, Techniques and Procedures (TTPs) to Augment Cyber Threat Intelligence (CTI): A
Comprehensive Study},
    author      = {Shahi, Mohammad Ashraful Huq},
    year        = {2018},
    journal     = "Culminating Projects in Information Assurance",
    volume      = {54}
}


@article{jang2014survey,
 title = {A survey of emerging threats in cybersecurity},
 author = {Jang-Jaccard, Julian and Nepal, Surya},
 journal = {Journal of Computer and System Sciences},
 volume = {80},
 number = {5},
 pages = {973--993},
 year = {2014},
 publisher = {Elsevier}
}

@article{shackleford2015s,
 title = {Whoâ€™s using Cyberthreat Intelligence and how?},
 author = {Shackleford, Dave},
 journal = {SANS Institute. Retrieved January},
 volume = {24},
 pages = {2018},
 year = {2015}
}

@article{mokaddem2019taxonomy,
 title = {Taxonomy driven indicator scoring in MISP threat intelligence platforms},
 author = {Mokaddem, Sami and Wagener, Gerard and Dulaunoy, Alexandre and Iklody, Andras},
 journal = {arXiv preprint arXiv:1902.03914},
 year = {2019}
}
@misc{edwards2002system,
  title={System and method of data collection, processing, analysis, and annotation for monitoring cyber-threats and the notification thereof to subscribers},
  author={Edwards, Charles and Migues, Samuel and Nebel, Roger and Owen, Daniel},
  year={2002},
  month=mar # "~28",
  publisher={Google Patents},
  note={US Patent App. 09/950,820}
}
@inproceedings{bobbert2017defining,
  title={Defining a research method for engineering a Business Information Security artefact},
  author={Bobbert, Yuri},
  year={2017},
  booktitle={EEWC 2017},
  publisher={[Sl]: CEUR}
}

@inproceedings{schaberreiter2019quantitative,
 title = {A Quantitative Evaluation of Trust in the Quality of Cyber Threat Intelligence Sources},
 author = {Schaberreiter, Thomas and Kupfersberger, Veronika and Rantos, Konstantinos and Spyros, Arnolnt and Papanikolaou, Alexandros and Ilioudis, Christos and Quirchmayr, Gerald},
 booktitle = {Proceedings of the 14th International Conference on Availability, Reliability and Security},
 pages = {1--10},
 year = {2019}
}

@techreport{ermerins2020scoring,
    title   = {Scoring model for IoCs by 
              combining open intelligence feeds to reduce false positives},
    author  = {Ermerins, Jelle and 
               van Noort, Niek and 
               de Novais Marques, Joao and V
               elasco, Leandro},
    year    = {2020},
    month = {feb},
    institution ={University of Amsterdam, Security and Network Engineering}
}

@article{lederer2001organizations,
  title={How IT organizations handle rapid IT change: Five coping mechanisms},
  author={Lederer, Albert L and others},
  journal={Information Technology and Management},
  volume={2},
  number={1},
  pages={95--112},
  year={2001},
  publisher={Springer}
}
@inproceedings{settanni2017acquiring,
 title = {Acquiring cyber threat intelligence through security information correlation},
 author = {Settanni, Giuseppe and Shovgenya, Yegor and Skopik, Florian and Graf, Roman and Wurzenberger, Markus and Fiedler, Roman},
 booktitle = {2017 3rd IEEE International Conference on Cybernetics (CYBCONF)},
 pages = {1--7},
 year = {2017},
 organization = {IEEE}
}

@article{turney2010frequency,
 title = {From frequency to meaning: Vector space models of semantics},
 author = {Turney, Peter D and Pantel, Patrick},
 journal = {Journal of artificial intelligence research},
 volume = {37},
 pages = {141--188},
 year = {2010}
}
@inproceedings{briggs2001thinklets,
  title={ThinkLets: achieving predictable, repeatable patterns of group interaction with group support systems (GSS)},
  author={Briggs, Robert O and De Vreede, G-J and Nunamaker, Jay F and Tobey, David},
  booktitle={Proceedings of the 34th Annual Hawaii International Conference on System Sciences},
  pages={9--pp},
  year={2001},
  organization={IEEE}
}
@article{tounsi2018survey,
  title={A survey on technical threat intelligence in the age of sophisticated cyber attacks},
  author={Tounsi, Wiem and Rais, Helmi},
  journal={Computers \& security},
  volume={72},
  pages={212--233},
  year={2018},
  publisher={Elsevier}
}
@inproceedings{settanni2016correlating,
 title = {Correlating cyber incident information to establish situational awareness in critical infrastructures},
 author = {Settanni, Giuseppe and Shovgenya, Yegor and Skopik, Florian and Graf, Roman and Wurzenberger, Markus and Fiedler, Roman},
 booktitle = {2016 14th Annual Conference on Privacy, Security and Trust (PST)},
 pages = {78--81},
 year = {2016},
 organization = {IEEE}
}

@inproceedings{sillaber2016data,
 title = {Data quality challenges and future research directions in threat intelligence sharing practice},
 author = {Sillaber, Christian and Sauerwein, Clemens and Mussmann, Andrea and Breu, Ruth},
 booktitle = {Proceedings of the 2016 ACM on Workshop on Information Sharing and Collaborative Security},
 pages = {65--70},
 year = {2016}
}

@article{liew2013dikiw,
  title={DIKIW: Data, information, knowledge, intelligence, wisdom and their interrelationships},
  author={Liew, Anthony},
  journal={Business Management Dynamics},
  volume={2},
  number={10},
  pages={49},
  year={2013},
  publisher={Society of Business and Management Dynamics (SBMD)}
}

@article{zimmerman2014ten,
 title = {Ten strategies of a world-class cybersecurity operations center},
 author = {Zimmerman, Carson},
 journal = {MITRE corporate communications and public affairs. Appendices},
 year = {2014}
}


@article{barnum2012standardizing,
 title = {Standardizing cyber threat intelligence information with the Structured Threat Information eXpression (STIX)},
 author = {Barnum, Sean},
 journal = {Mitre Corporation},
 volume = {11},
 pages = {1--22},
 year = {2012}
}

@inproceedings{wagner2017relevance,
 title = {Relevance Filtering for Shared Cyber Threat Intelligence (Short Paper)},
 author = {Wagner, Thomas D and Palomar, Esther and Mahbub, Khaled and Abdallah, Ali E},
 booktitle = {International Conference on Information Security Practice and Experience},
 pages = {576--586},
 year = {2017},
 organization = {Springer}
}

@article{al2017beyond,
 title = {Beyond free riding: quality of indicators for assessing participation in information sharing for threat intelligence},
 author = {Al-Ibrahim, Omar and Mohaisen, Aziz and Kamhoua, Charles and Kwiat, Kevin and Njilla, Laurent},
 journal = {arXiv preprint arXiv:1702.00552},
 year = {2017}
}

@article{dull2015cyberthreat,
 title = {Cyberthreat analytics using graph analysis},
 author = {Dull, Eric},
 journal = {The analyst},
 volume = {5},
 pages = {11},
 year = {2015}
}

@inproceedings{wheelus2016towards,
 title = {Towards a big data architecture for facilitating cyber threat intelligence},
 author = {Wheelus, Charles and Bou-Harb, Elias and Zhu, Xingquan},
 booktitle = {2016 8th IFIP International Conference on New Technologies, Mobility and Security (NTMS)},
 pages = {1--5},
 year = {2016},
 organization = {IEEE}
}




@article{sauerwein2017threat,
  title={Threat Intelligence Sharing Platforms: An Exploratory Study of Software Vendors and Research Perspectives},
  author={Clemens Sauerwein and C. Sillaber and Andrea Mussmann and R. Breu},
  journal={Wirtschaftsinformatik und Angewandte Informatik},
  year={2017}
}


@article{rantos2020interoperability,
 title = {Interoperability Challenges in the Cybersecurity Information Sharing Ecosystem},
 author = {Rantos, Konstantinos and Spyros, Arnolnt and Papanikolaou, Alexandros and Kritsas, Antonios and Ilioudis, Christos and Katos, Vasilios},
 journal = {Computers},
 volume = {9},
 number = {1},
 pages = {18},
 year = {2020},
 publisher = {Multidisciplinary Digital Publishing Institute}
}

@techreport{johnson2017cyber,
  title = {Cyber-Threat Intelligence and Information Sharing},
  author = {Johnson, Christopher and Feldman, Larry and Witte, Gregory and others},
  year = {2017},
  institution = {National Institute of Standards and Technology}
}

@article{toygar2013new,
  title = {A new asset type: digital assets},
  author = {Toygar, Alp and Rohm Jr, CE and Zhu, Jake},
  journal = {Journal of International Technology and Information Management},
  volume = {22},
  number = {4},
  pages = {7},
  year = {2013}
}

@article{schales2011stream,
  title = {Stream Computing for Large-Scale, Multi-Channel Cyber Threat Analytics: Architecture, Implementation, Deployment, and Lessons Learned},
  author = {Schales, Douglas L and Christodorescu, Mihai and Rao, Josyula R and Sailer, Reiner and Stoecklin, Marc Ph and Venema, Wietse},
  journal = {IBM Research Report},
  year = {2011}
}


@book{luiijf2003critical,
  title={Critical infrastructure protection in the Netherlands: A Quick-scan},
  author={Luiijf, HAM and Burger, Helen and Klaver, Marieke and Marieke, H},
  year={2003},
  publisher={Copenhagen, Denmark: EICAR Denmark}
}

@misc{ plato-scientific-method,
    author          = {Andersen, Hanne  and  Hepburn, Brian},
    title           = {Scientific Method 
                      (Stanford Encyclopedia of Philosophy)},
    howpublished    = {\url{https://plato.stanford.edu/entries/scientific-method/}},
    month           = {11},
    year            = {2015},
    note            = {(Accessed on 03/03/2020)}
}
 @misc{ wiki:ISM,
    author = "{Wikipedia contributors}",
    title = "Information security management --- {Wikipedia}{,} The Free Encyclopedia",
    year = "2020",
    howpublished = "\url{https://en.wikipedia.org/w/index.php?title=Information_security_management&oldid=964601318}",
    note = "[Online; accessed 26-August-2020]"
  }
  
  

@misc{ THE-BIT-DEPTH-BLOG,
  author            = "Thomas Rutter",
  title             = {Stable vs stable: what â€˜stableâ€™ means in software },
  year              = {2010},
  howpublished      = {https://bitdepth.thomasrutter.com/2010/04/02/stable-vs-stable-what-stable-means-in-software/}
  },
  note              = {(Online; accessed 19-Aug-2020 )}
  }


@misc{ threat-intelligence ,
  author            = "{Matt Hartley}",
  title             = {Cyber Threats: Information vs. Intelligence},
  year              = {2014},
  howpublished      = {
    \url{https://www.darkreading.com/analytics/threat-intelligence/cyber-threats-information-vs-intelligence/a/d-id/1316851?}
  },
  note              = {(Online; accessed 31-March-2019 )}
  }



@misc{ news-feed ,
  author            = "{Hacker News}",
  title             = {Current Feed Content: Hacker News by Feed burner},
  year              = {2020},
  howpublished      = {
    \url{https://feeds.feedburner.com/TheHackersNews}
  },
  note              = {(Online; accessed 28-Apr-2020 )}
  }




@misc{ RFC2828 ,
  author            = "{Shirey}",
  title             = {RFC 2828               Internet Security Glossary               May 2000},
  year              = {2020},
  howpublished      = {
    \url{https://www.ietf.org/rfc/rfc2828.txt}
  },
  note              = {[Online; accessed 12-Aug-2020 ]},
  page              = {[189,169,13]}
  }


  
  @misc{ wiki:TIP,
    author = "{Wikipedia contributors}",
    title = "Threat Intelligence Platform --- {Wikipedia}{,} The Free Encyclopedia",
    year = "2020",
    url = "https://en.wikipedia.org/w/index.php?title=Threat_Intelligence_Platform&oldid=971293340",
    note = "[Online; accessed 26-August-2020]"
  }


@misc{ Bobbert-Y-2019 ,
  author            = "{Bobbert Yuri}",
  title             = {Get the biggest bang for your security buck},
  year              = {2019},
  howpublished      = {
    \url{https://dhda.nl/wp-content/uploads/2020/07/Bobbert-Y.-2019-Biggest-bang-for-the-security-buck_-Zero-Trust-magazine-112019-3.pdf}
  },
  note              = {[Online; accessed 12-Aug-2020 ]}
  }

@book{chen2006intelligence,
  title={Intelligence and security informatics for international security: Information sharing and data mining},
  author={Chen, Hsinchun},
  volume={10},
  year={2006},
  publisher={Springer Science \& Business Media}
}

@techreport{eu2014cyber,
    title       = {Cyber threat intelligence, 
                  What it is and how to use it effectively},
    author      = {AFKC},
    year        = {2018},
    month       = {mrt},
    institution = {AFKC B.V.}
}

@book{fogelman2008mining,
  title={Mining massive data sets for security: advances in data mining, search, social networks and text mining, and their applications to security},
  author={Fogelman-Souli{\'e}, Fran{\c{c}}oise},
  volume={19},
  year={2008},
  publisher={IOS Press}
}
@book{bobbert2018improving,
  title={Improving the Maturity of Business Information Security},
  author={Bobbert, Yuri},
  year={2018},
  publisher={[Sl: sn]}
}
@article{sauerwein2018shadow,
  title={Shadow cyber threat intelligence and its use in information security and risk management processes},
  author={Sauerwein, Clemens and Sillaber, Christian and Breu, Ruth},
  journal={Multikonferenz Wirtschaftsinformatik (MKWI 2018)},
  pages={1333--1344},
  year={2018}
}

@article{farnham2013tools,
  title={Tools and standards for cyber threat intelligence projects},
  author={Farnham, Greg and Leune, Kees},
  journal={SANS Institute},
  year={2013}
}

@inproceedings{wohlin2014guidelines,
  title={Guidelines for snowballing in systematic literature studies and a replication in software engineering},
  author={Wohlin, Claes},
  booktitle={Proceedings of the 18th international conference on evaluation and assessment in software engineering},
  pages={1--10},
  year={2014}
}
@inproceedings{eckert2000algorithms,
  title={Algorithms and inspirations: creative reuse of design experience},
  author={Eckert, CM and Stacey, MK and Clarkson, PJ},
  booktitle={Proceedings of the Greenwich 2000 international symposium: Digital creativity},
  pages={1--10},
  year={2000}
}

@incollection{hevner2010design,
  title={Design science research in information systems},
  author={Hevner, Alan and Chatterjee, Samir},
  booktitle={Design research in information systems},
  pages={9--22},
  year={2010},
  publisher={Springer}
}

@article{mednick1962associative,
  title={The associative basis of the creative process.},
  author={Mednick, Sarnoff},
  journal={Psychological review},
  volume={69},
  number={3},
  pages={220},
  year={1962},
  publisher={American Psychological Association}
}

@article{hevner2004design,
  title={Design science in information systems research},
  author={Hevner, Alan R and March, Salvatore T and Park, Jinsoo and Ram, Sudha},
  journal={MIS quarterly},
  pages={75--105},
  year={2004},
  publisher={JSTOR}
}

@Inbook{CanAtasoy2019,
    author="Can Atasoy, Ugur
    and Sari, Arif",
    title="Multidisciplinary Intel Fusion Technique for Proactive Cyber-Intelligence Model for the IoT",
    bookTitle="Security, Privacy and Trust in the IoT Environment",
    year="2019",
    publisher="Springer International Publishing",
    address="Cham",
    pages="61--81",
    isbn="978-3-030-18075-1",
    doi="10.1007/978-3-030-18075-1_4",
    url="https://doi.org/10.1007/978-3-030-18075-1_4"
}

% see also google books page 74 https://books.google.nl/books?hl=en&lr=&id=xOmaDwAAQBAJ&oi=fnd&pg=PA61&ots=GrZZ5ntGf2&sig=ToYDaO1SBuuVffByJQClA508qIs&redir_esc=y

@book{humphreys2016implementing,
  title={Implementing the ISO/IEC 27001: 2013 ISMS Standard},
  author={Humphreys, Edward},
  year={2016},
  publisher={Artech House}
}